@article{austen1998social,
  title={Social choice theory, game theory, and positive political theory},
  author={Austen-Smith, David and Banks, Jeffrey S},
  journal={Annual Review of Political Science},
  volume={1},
  number={1},
  pages={259--287},
  year={1998},
  publisher={Annual Reviews 4139 El Camino Way, PO Box 10139, Palo Alto, CA 94303-0139, USA}
}

@book{brandt2016handbook,
  title={Handbook of computational social choice},
  author={Brandt, Felix and Conitzer, Vincent and Endriss, Ulle and Procaccia, Ariel D and Lang, J{\'e}r{\^o}me},
  year={2016},
  publisher={Cambridge University Press}
}


@article{cioffi2014introduction,
  title={Introduction to computational social science},
  author={Cioffi-Revilla, Claudio},
  journal={Berlin/New York: Springer},
  volume={10},
  pages={978--1},
  year={2014},
  publisher={Springer}
}

@article{crawford1995grammar,
  title={A grammar of institutions},
  author={Crawford, Sue ES and Ostrom, Elinor},
  journal={American Political Science Review},
  volume={89},
  number={3},
  pages={582--600},
  year={1995},
  publisher={Cambridge University Press}
}




@article{conte2012manifesto,
  title={Manifesto of computational social science},
  author={Conte, Rosaria and Gilbert, Nigel and Bonelli, Giulia and Cioffi-Revilla, Claudio and Deffuant, Guillaume and Kertesz, Janos and Loreto, Vittorio and Moat, Suzy and Nadal, Jean-Pierre and Sanchez, Anxo and others},
  journal={European Physical Journal-Special Topics},
  volume={214},
  pages={p--325},
  year={2012}
}


@book{eijck2009discourses,
  title={Discourses on social software},
  author={Eijck, Jan and Verbrugge, Rineke},
  year={2009},
  publisher={Amsterdam University Press}
}

@article{goodin1996institutions,
  title={Institutions and their design},
  author={Goodin, Robert E},
  journal={The theory of institutional design},
  volume={1},
  number={53},
  pages={9--53},
  year={1996},
  publisher={Cambridge University Press Cambridge}
}

@book{goodin2009oxford,
  title={The Oxford handbook of political science},
  author={Goodin, Robert E},
  volume={11},
  year={2009},
  publisher={Oxford University Press}
}



@article{hall1996political,
  title={Political science and the three new institutionalisms},
  author={Hall, Peter A and Taylor, Rosemary CR},
  journal={Political studies},
  volume={44},
  number={5},
  pages={936--957},
  year={1996},
  publisher={SAGE Publications Sage UK: London, England}
}


@book{heckelman2015handbook,
  title={Handbook of Social Choice and Voting},
  author={Heckelman, Jac C and Miller, Nicholas R},
  year={2015},
  publisher={Edward Elgar Publishing}
}

@article{lustick2011taking,
  title={Taking evolution seriously: Historical institutionalism and evolutionary theory},
  author={Lustick, Ian S},
  journal={Polity},
  volume={43},
  number={2},
  pages={179--209},
  year={2011},
  publisher={The University of Chicago Press Chicago}
}

@article{ostrom1986agenda,
  title={An agenda for the study of institutions},
  author={Ostrom, Elinor},
  journal={Public choice},
  volume={48},
  number={1},
  pages={3--25},
  year={1986},
  publisher={Springer}
}

@book{ostrom2005understanding,
  title={Understanding institutional diversity},
  author={Ostrom, Elinor},
  year={2005},
  publisher={Princeton University Press Princeton, NJ}
}

@article{page2008uncertainty,
  title={Uncertainty, difficulty, and complexity},
  author={Page, Scott E},
  journal={Journal of Theoretical Politics},
  volume={20},
  number={2},
  pages={115--149},
  year={2008},
  publisher={Sage Publications Sage CA: Los Angeles, CA}
}


@InCollection{sep-social-procedures,
	author       =	{van Eijck, Jan and Verbrugge, Rineke (L.C.)},
	title        =	{Formal Approaches to Social Procedures},
	booktitle    =	{The Stanford Encyclopedia of Philosophy},
	editor       =	{Edward N. Zalta},
	howpublished =	{\url{https://plato.stanford.edu/archives/spr2017/entries/social-procedures/}},
	year         =	{2017},
	edition      =	{Spring 2017},
	publisher    =	{Metaphysics Research Lab, Stanford University}
}


@book{weisberg2012simulation,
  title={Simulation and similarity: Using models to understand the world},
  author={Weisberg, Michael},
  year={2012},
  publisher={Oxford University Press}
}


